<record><leader>01349cam a2200373 i 4500</leader><controlfield tag="001">6776064</controlfield><controlfield tag="003">OCoLC</controlfield><controlfield tag="005">20141229132542.0</controlfield><controlfield tag="008">140513s2015    nyua     b    001 0 eng  </controlfield><datafield ind1=" " ind2=" " tag="010"><subfield code="a">  2014018910</subfield></datafield><datafield ind1=" " ind2=" " tag="020"><subfield code="a">9780199347995 (acid-free paper)</subfield></datafield><datafield ind1=" " ind2=" " tag="020"><subfield code="a">0199347999 (acid-free paper)</subfield></datafield><datafield ind1="8" ind2=" " tag="024"><subfield code="a">40024149984</subfield></datafield><datafield ind1=" " ind2=" " tag="040"><subfield code="a">DLC</subfield><subfield code="b">eng</subfield><subfield code="e">rda</subfield><subfield code="c">DLC</subfield><subfield code="d">OCLCF</subfield><subfield code="d">YDXCP</subfield><subfield code="d">YUS</subfield><subfield code="d">UAB</subfield></datafield><datafield ind1=" " ind2=" " tag="042"><subfield code="a">pcc</subfield></datafield><datafield ind1=" " ind2=" " tag="043"><subfield code="a">n-us---</subfield></datafield><datafield ind1="0" ind2="0" tag="050"><subfield code="a">E743</subfield><subfield code="b">.C43 2015</subfield></datafield><datafield ind1="0" ind2="0" tag="082"><subfield code="a">973.918</subfield><subfield code="2">23</subfield></datafield><datafield ind1=" " ind2=" " tag="090"><subfield code="a">E 743 C43 2015</subfield><subfield code="b">AEU</subfield></datafield><datafield ind1="1" ind2=" " tag="100"><subfield code="a">Chafe, William H.,</subfield><subfield code="d">1942-</subfield><subfield code="e">author.</subfield></datafield><datafield ind1="1" ind2="4" tag="245"><subfield code="a">The unfinished journey :</subfield><subfield code="b">America since World War II /</subfield><subfield code="c">William H. Chafe (Duke University).</subfield></datafield><datafield ind1=" " ind2=" " tag="250"><subfield code="a">Eighth edition.</subfield></datafield><datafield ind1=" " ind2="1" tag="264"><subfield code="a">New York ;</subfield><subfield code="a">Oxford :</subfield><subfield code="b">Oxford University Press, Inc.,</subfield><subfield code="c">[2015]</subfield></datafield><datafield ind1=" " ind2=" " tag="300"><subfield code="a">x, 662 pages :</subfield><subfield code="b">illustrations ;</subfield><subfield code="c">24 cm</subfield></datafield><datafield ind1=" " ind2=" " tag="336"><subfield code="a">text</subfield><subfield code="2">rdacontent</subfield></datafield><datafield ind1=" " ind2=" " tag="337"><subfield code="a">unmediated</subfield><subfield code="2">rdamedia</subfield></datafield><datafield ind1=" " ind2=" " tag="338"><subfield code="a">volume</subfield><subfield code="2">rdacarrier</subfield></datafield><datafield ind1=" " ind2=" " tag="504"><subfield code="a">Includes bibliographical references and index.</subfield></datafield><datafield ind1=" " ind2=" " tag="596"><subfield code="a">43</subfield></datafield><datafield ind1=" " ind2="0" tag="651"><subfield code="a">United States</subfield><subfield code="x">Politics and government</subfield><subfield code="y">1945-1989.</subfield></datafield><datafield ind1=" " ind2="0" tag="651"><subfield code="a">United States</subfield><subfield code="x">Politics and government</subfield><subfield code="y">1989-</subfield></datafield><datafield ind1=" " ind2="0" tag="651"><subfield code="a">United States</subfield><subfield code="x">Social conditions</subfield><subfield code="y">1945-</subfield></datafield><datafield ind1=" " ind2=" " tag="949"><subfield code="a">E 743 C43 2015</subfield><subfield code="c">1</subfield><subfield code="h">UAHS-B</subfield><subfield code="i">0162035223377</subfield></datafield><datafield ind1=" " ind2=" " tag="926"><subfield code="a">E 743 C43 2015</subfield><subfield code="w">LC</subfield><subfield code="c">1</subfield><subfield code="i">0162035223377</subfield><subfield code="l">ON_SHELF</subfield><subfield code="m">UAHSS</subfield><subfield code="p">$150.00</subfield><subfield code="r">Y</subfield><subfield code="s">Y</subfield><subfield code="t">BOOK</subfield><subfield code="u">1/14/2015</subfield></datafield></record>